@article{bib:DYBSpectrum,
      author         = "An, Feng Peng and others",
      title          = "{Improved Measurement of the Reactor Antineutrino Flux
                        and Spectrum at Daya Bay}",
      collaboration  = "Daya Bay",
      journal        = "Chin. Phys.",
      volume         = "C41",
      year           = "2017",
      number         = "1",
      pages          = "013002",
      doi            = "10.1088/1674-1137/41/1/013002",
      eprint         = "1607.05378",
      archivePrefix  = "arXiv",
      primaryClass   = "hep-ex",
      SLACcitation   = "%%CITATION = ARXIV:1607.05378;%%"
}

@article{bib:DYBEvo,
  title = "{Evolution of the Reactor Antineutrino Flux and Spectrum at Daya Bay}",
  author = {An, F. P. and others},
  collaboration = {Daya Bay Collaboration},
  journal = {Phys. Rev. Lett.},
  volume = {118},
  issue = {25},
  pages = {251801},
  numpages = {8},
  year = {2017},
  month = {Jun},
  publisher = {American Physical Society},
  doi = {10.1103/PhysRevLett.118.251801},
  url = {https://link.aps.org/doi/10.1103/PhysRevLett.118.251801}
}

@article{bib:IceCube,
      author         = "Aartsen, M. G. and others",
      title          = "{Multimessenger observations of a flaring blazar
                        coincident with high-energy neutrino IceCube-170922A}",
      collaboration  = "IceCube, Fermi-LAT, MAGIC, AGILE, ASAS-SN, HAWC,
                        H.E.S.S., INTEGRAL, Kanata, Kiso, Kapteyn, Liverpool
                        Telescope, Subaru, Swift NuSTAR, VERITAS, VLA/17B-403",
      journal        = "Science",
      volume         = "361",
      year           = "2018",
      number         = "6398",
      pages          = "eaat1378",
      doi            = "10.1126/science.aat1378",
      eprint         = "1807.08816",
      archivePrefix  = "arXiv",
      primaryClass   = "astro-ph.HE",
      SLACcitation   = "%%CITATION = ARXIV:1807.08816;%%"
}

@article{bib:Chadwick,
      author         = "Chadwick, J.",
      title          = "{The intensity distribution in the magnetic spectrum of
                        beta particles from radium (B + C)}",
      journal        = "Verh. Phys. Gesell.",
      volume         = "16",
      year           = "1914",
      pages          = "383-391",
      SLACcitation   = "%%CITATION = VDPEA,16,383;%%"
}

@ARTICLE{bib:EandW,
   author = {{Ellis}, C.~D. and {Wooster}, W.~A.},
    title = "{The Average Energy of Disintegration of Radium E}",
  journal = {Proceedings of the Royal Society of London Series A},
     year = 1927,
    month = dec,
   volume = 117,
    pages = {109-123},
      doi = {10.1098/rspa.1927.0168},
   adsurl = {http://adsabs.harvard.edu/abs/1927RSPSA.117..109E},
  adsnote = {Provided by the SAO/NASA Astrophysics Data System}
}

@Article{bib:Fermi,
author="Fermi, E.",
title="Versuch einer Theorie der $\beta$-Strahlen. I",
journal="Zeitschrift f{\"u}r Physik",
year="1934",
month="Mar",
day="01",
volume="88",
number="3",
pages="161--177",
abstract="Eine quantitative Theorie des $\beta$-Zerfalls wird vorgeschlagen, in welcher man die Existenz des Neutrinos annimmt, und die Emission der Elektronen und Neutrinos aus einem Kern beim $\beta$-Zerfall mit einer {\"a}hnlichen Methode behandelt, wie die Emission eines Lichtquants aus einem angeregten Atom in der Strahlungstheorie. Formeln f{\"u}r die Lebensdauer und f{\"u}r die Form des emittierten kontinuierlichen $\beta$- Strahlenspektrums werden abgeleitet und mit der Erfahrung verglichen.",
issn="0044-3328",
doi="10.1007/BF01351864",
url="https://doi.org/10.1007/BF01351864"
}

@article{bib:IBDXSection,
  title = {Reactor-based neutrino oscillation experiments},
  author = {Bemporad, Carlo and Gratta, Giorgio and Vogel, Petr},
  journal = {Rev. Mod. Phys.},
  volume = {74},
  issue = {2},
  pages = {297--328},
  numpages = {0},
  year = {2002},
  month = {Mar},
  publisher = {American Physical Society},
  doi = {10.1103/RevModPhys.74.297},
  url = {https://link.aps.org/doi/10.1103/RevModPhys.74.297}
}

@ARTICLE{bib:CowanReines,
   author = {{Cowan}, Jr., C.~L. and {Reines}, F. and {Harrison}, F.~B. and 
	{Kruse}, H.~W. and {McGuire}, A.~D.},
    title = "{Detection of the Free Neutrino: A Confirmation}",
  journal = {Science},
     year = 1956,
    month = jul,
   volume = 124,
    pages = {103-104},
      doi = {10.1126/science.124.3212.103},
   adsurl = {http://adsabs.harvard.edu/abs/1956Sci...124..103C},
  adsnote = {Provided by the SAO/NASA Astrophysics Data System}
}

@article{bib:Ponte1959,
      author         = "Pontecorvo, B.",
      title          = "{Electron and Muon Neutrinos}",
      journal        = "Sov. Phys. JETP",
      volume         = "10",
      year           = "1960",
      pages          = "1236-1240",
      note           = "[Zh. Eksp. Teor. Fiz.37,1751(1959)]",
      SLACcitation   = "%%CITATION = SPHJA,10,1236;%%"
}

@article{bib:Schwartz,
  title = {Feasibility of Using High-Energy Neutrinos to Study the Weak Interactions},
  author = {Schwartz, M.},
  journal = {Phys. Rev. Lett.},
  volume = {4},
  issue = {6},
  pages = {306--307},
  numpages = {0},
  year = {1960},
  month = {Mar},
  publisher = {American Physical Society},
  doi = {10.1103/PhysRevLett.4.306},
  url = {https://link.aps.org/doi/10.1103/PhysRevLett.4.306}
}

@article{bib:numuDiscovery,
  title = {Observation of High-Energy Neutrino Reactions and the Existence of Two Kinds of Neutrinos},
  author = {Danby, G. and Gaillard, J-M. and Goulianos, K. and Lederman, L. M. and Mistry, N. and Schwartz, M. and Steinberger, J.},
  journal = {Phys. Rev. Lett.},
  volume = {9},
  issue = {1},
  pages = {36--44},
  numpages = {0},
  year = {1962},
  month = {Jul},
  publisher = {American Physical Society},
  doi = {10.1103/PhysRevLett.9.36},
  url = {https://link.aps.org/doi/10.1103/PhysRevLett.9.36}
}

@article{bib:YangLee,
  title = "{Question of Parity Conservation in Weak Interactions}",
  author = {Lee, T. D. and Yang, C. N.},
  journal = {Phys. Rev.},
  volume = {104},
  issue = {1},
  pages = {254--258},
  numpages = {0},
  year = {1956},
  month = {Oct},
  publisher = {American Physical Society},
  doi = {10.1103/PhysRev.104.254},
  url = {https://link.aps.org/doi/10.1103/PhysRev.104.254}
}

@article{bib:Wu,
  title = {Experimental Test of Parity Conservation in Beta Decay},
  author = {Wu, C. S. and Ambler, E. and Hayward, R. W. and Hoppes, D. D. and Hudson, R. P.},
  journal = {Phys. Rev.},
  volume = {105},
  issue = {4},
  pages = {1413--1415},
  numpages = {0},
  year = {1957},
  month = {Feb},
  publisher = {American Physical Society},
  doi = {10.1103/PhysRev.105.1413},
  url = {https://link.aps.org/doi/10.1103/PhysRev.105.1413}
}

@article{bib:davis,
  title = {Search for Neutrinos from the Sun},
  author = {Davis, Raymond and Harmer, Don S. and Hoffman, Kenneth C.},
  journal = {Phys. Rev. Lett.},
  volume = {20},
  issue = {21},
  pages = {1205--1209},
  numpages = {0},
  year = {1968},
  month = {May},
  publisher = {American Physical Society},
  doi = {10.1103/PhysRevLett.20.1205},
  url = {https://link.aps.org/doi/10.1103/PhysRevLett.20.1205}
}

@article{bib:GALLEX,
title = "GALLEX solar neutrino observations: results for GALLEX IV",
journal = "Physics Letters B",
volume = "447",
number = "1",
pages = "127 - 133",
year = "1999",
issn = "0370-2693",
doi = "https://doi.org/10.1016/S0370-2693(98)01579-2",
url = "http://www.sciencedirect.com/science/article/pii/S0370269398015792",
author = "W. Hampel and others",
}

@article{bib:GNO,
title = "Complete results for five years of GNO solar neutrino observations",
journal = "Physics Letters B",
volume = "616",
number = "3",
pages = "174 - 190",
year = "2005",
issn = "0370-2693",
doi = "https://doi.org/10.1016/j.physletb.2005.04.068",
url = "http://www.sciencedirect.com/science/article/pii/S0370269305005149",
author = "M. Altmann and others",
}

@article{bib:SAGE,
title = "Results from SAGE (The Russian-American gallium solar neutrino experiment)",
journal = "Physics Letters B",
volume = "328",
number = "1",
pages = "234 - 248",
year = "1994",
issn = "0370-2693",
doi = "https://doi.org/10.1016/0370-2693(94)90454-5",
url = "http://www.sciencedirect.com/science/article/pii/0370269394904545",
author = "J.N. Abdurashitov and others",
}

@article{bib:IMB,
  title = "{Measurement of atmospheric neutrino composition with the IMB-3 detector}",
  author = {Casper, D. and others},
  journal = {Phys. Rev. Lett.},
  volume = {66},
  issue = {20},
  pages = {2561--2564},
  numpages = {0},
  year = {1991},
  month = {May},
  publisher = {American Physical Society},
  doi = {10.1103/PhysRevLett.66.2561},
  url = {https://link.aps.org/doi/10.1103/PhysRevLett.66.2561}
}

@article{bib:kamioka1996,
  title = "{Solar Neutrino Data Covering Solar Cycle 22}",
  author = {Fukuda, Y. and others},
  journal = {Phys. Rev. Lett.},
  volume = {77},
  issue = {9},
  pages = {1683--1686},
  numpages = {0},
  year = {1996},
  month = {Aug},
  publisher = {American Physical Society},
  doi = {10.1103/PhysRevLett.77.1683},
  url = {https://link.aps.org/doi/10.1103/PhysRevLett.77.1683}
}

@article{bib:Kamioka1986,
      author         = "Nakahata, Masayuki and others",
      title          = "{Atmospheric Neutrino Background and Pion Nuclear Effect
                        for Kamioka Nucleon Decay Experiment}",
      collaboration  = "Kamiokande",
      journal        = "J. Phys. Soc. Jap.",
      volume         = "55",
      year           = "1986",
      pages          = "3786",
      doi            = "10.1143/JPSJ.55.3786",
      reportNumber   = "UT-ICEPP-86-05",
      SLACcitation   = "%%CITATION = JUPSA,55,3786;%%"
}

@article{bib:SuperK,
  title = "{Evidence for Oscillation of Atmospheric Neutrinos}",
  author = {Fukuda, Y. and others},
  collaboration = {Super-Kamiokande Collaboration},
  journal = {Phys. Rev. Lett.},
  volume = {81},
  issue = {8},
  pages = {1562--1567},
  numpages = {0},
  year = {1998},
  month = {Aug},
  publisher = {American Physical Society},
  doi = {10.1103/PhysRevLett.81.1562},
  url = {https://link.aps.org/doi/10.1103/PhysRevLett.81.1562}
}

@article{bib:SNO,
  title = "{Measurement of the Rate of ${\ensuremath{\nu}}_{e}+\mathit{d}\ensuremath{\rightarrow}\mathit{p}+\mathit{p}+{\mathit{e}}^{\ensuremath{-}}$ Interactions Produced by $^{8}B$ Solar Neutrinos at the Sudbury Neutrino Observatory}",
  author = {Ahmad, Q. R. and others},
  collaboration = {SNO Collaboration},
  journal = {Phys. Rev. Lett.},
  volume = {87},
  issue = {7},
  pages = {071301},
  numpages = {6},
  year = {2001},
  month = {Jul},
  publisher = {American Physical Society},
  doi = {10.1103/PhysRevLett.87.071301},
  url = {https://link.aps.org/doi/10.1103/PhysRevLett.87.071301}
}

@article{bib:Pontecorvo1957,
      author         = "Pontecorvo, B.",
      title          = "{Mesonium and anti-mesonium}",
      journal        = "Sov. Phys. JETP",
      volume         = "6",
      year           = "1957",
      pages          = "429",
      note           = "[Zh. Eksp. Teor. Fiz.33,549(1957)]",
      SLACcitation   = "%%CITATION = SPHJA,6,429;%%"
}

@article{bib:Pontecorvo1957qd,
      author         = "Pontecorvo, B.",
      title          = "{Inverse beta processes and nonconservation of lepton
                        charge}",
      journal        = "Sov. Phys. JETP",
      volume         = "7",
      year           = "1958",
      pages          = "172-173",
      note           = "[Zh. Eksp. Teor. Fiz.34,247(1957)]",
      SLACcitation   = "%%CITATION = SPHJA,7,172;%%"
}

@article{bib:Maki1962,
      author         = "Maki, Ziro and Nakagawa, Masami and Sakata, Shoichi",
      title          = "{Remarks on the unified model of elementary particles}",
      journal        = "Prog. Theor. Phys.",
      volume         = "28",
      year           = "1962",
      pages          = "870-880",
      doi            = "10.1143/PTP.28.870",
      note           = "[,34(1962)]",
      SLACcitation   = "%%CITATION = PTPKA,28,870;%%"
}

@article{bib:GRIBOV1969,
title = "Neutrino astronomy and lepton charge",
journal = "Physics Letters B",
volume = "28",
number = "7",
pages = "493 - 496",
year = "1969",
issn = "0370-2693",
doi = "https://doi.org/10.1016/0370-2693(69)90525-5",
url = "http://www.sciencedirect.com/science/article/pii/0370269369905255",
author = "V. Gribov and B. Pontecorvo",
abstract = "It is shown that lepton nonconservation might lead to a decrease in the number of detectable solar neutrinos at the earth surface, because of νe←νμ oscillations, similar to Ko←K̃o oscillations. Equations are presented describing such oscillations for the case when there exist only four neutrino states."
}

@article{bib:PDG,
  title = "{Review of Particle Physics}",
  author = {Tanabashi, M. and others},
  collaboration = {Particle Data Group},
  journal = {Phys. Rev. D},
  volume = {98},
  issue = {3},
  pages = {030001},
  numpages = {1898},
  year = {2018},
  month = {Aug},
  doi = {10.1103/PhysRevD.98.030001},
  url = {https://link.aps.org/doi/10.1103/PhysRevD.98.030001}
}

@article{bib:SNOPRC,
  title = "{Combined analysis of all three phases of solar neutrino data from the Sudbury Neutrino Observatory}",
  author = {Aharmim, B. and others},
  collaboration = {SNO Collaboration},
  journal = {Phys. Rev. C},
  volume = {88},
  issue = {2},
  pages = {025501},
  numpages = {27},
  year = {2013},
  month = {Aug},
  publisher = {American Physical Society},
  doi = {10.1103/PhysRevC.88.025501},
  url = {https://link.aps.org/doi/10.1103/PhysRevC.88.025501}
}

@article{bib:Borexino,
  title = "{Final results of Borexino Phase-I on low-energy solar neutrino spectroscopy}",
  author = {Bellini, G. and others},
  collaboration = {Borexino Collaboration},
  journal = {Phys. Rev. D},
  volume = {89},
  issue = {11},
  pages = {112007},
  numpages = {68},
  year = {2014},
  month = {Jun},
  publisher = {American Physical Society},
  doi = {10.1103/PhysRevD.89.112007},
  url = {https://link.aps.org/doi/10.1103/PhysRevD.89.112007}
}

@article{bib:KamLAND03,
  title = "{First Results from KamLAND: Evidence for Reactor Antineutrino Disappearance}",
  author = {Eguchi, K. and others},
  collaboration = {KamLAND Collaboration},
  journal = {Phys. Rev. Lett.},
  volume = {90},
  issue = {2},
  pages = {021802},
  numpages = {6},
  year = {2003},
  month = {Jan},
  publisher = {American Physical Society},
  doi = {10.1103/PhysRevLett.90.021802},
  url = {https://link.aps.org/doi/10.1103/PhysRevLett.90.021802}
}

@article{bib:MACRO,
title = "{Atmospheric neutrino oscillations from upward throughgoing muon multiple scattering in MACRO}",
journal = "Physics Letters B",
volume = "566",
number = "1",
pages = "35 - 44",
year = "2003",
issn = "0370-2693",
doi = "https://doi.org/10.1016/S0370-2693(03)00806-2",
url = "http://www.sciencedirect.com/science/article/pii/S0370269303008062",
author = "M Ambrosio and others",
}

@article{bib:Soudan2,
  title = "{Neutrino oscillation effects in Soudan 2 upward-stopping muons}",
  author = {Allison, W. W. M. and others},
  journal = {Phys. Rev. D},
  volume = {72},
  issue = {5},
  pages = {052005},
  numpages = {12},
  year = {2005},
  month = {Sep},
  publisher = {American Physical Society},
  doi = {10.1103/PhysRevD.72.052005},
  url = {https://link.aps.org/doi/10.1103/PhysRevD.72.052005}
}

@article{bib:k2k,
  title = "{Measurement of neutrino oscillation by the K2K experiment}",
  author = {Ahn, M. H. and others},
  collaboration = {K2K Collaboration},
  journal = {Phys. Rev. D},
  volume = {74},
  issue = {7},
  pages = {072003},
  numpages = {39},
  year = {2006},
  month = {Oct},
  publisher = {American Physical Society},
  doi = {10.1103/PhysRevD.74.072003},
  url = {https://link.aps.org/doi/10.1103/PhysRevD.74.072003}
}

@article{bib:MINOS,
  title = {Measurement of the Neutrino Mass Splitting and Flavor Mixing by MINOS},
  author = {Adamson, P. and others},
  collaboration = {MINOS Collaboration},
  journal = {Phys. Rev. Lett.},
  volume = {106},
  issue = {18},
  pages = {181801},
  numpages = {6},
  year = {2011},
  month = {May},
  publisher = {American Physical Society},
  doi = {10.1103/PhysRevLett.106.181801},
  url = {https://link.aps.org/doi/10.1103/PhysRevLett.106.181801}
}

@article{bib:t2k,
  title = "{Measurement of Neutrino Oscillation Parameters from Muon Neutrino Disappearance with an Off-Axis Beam}",
  author = {Abe, K. and othres},
  collaboration = {T2K Collaboration},
  journal = {Phys. Rev. Lett.},
  volume = {111},
  issue = {21},
  pages = {211803},
  numpages = {7},
  year = {2013},
  month = {Nov},
  publisher = {American Physical Society},
  doi = {10.1103/PhysRevLett.111.211803},
  url = {https://link.aps.org/doi/10.1103/PhysRevLett.111.211803}
}

@article{bib:nova,
  title = "{First measurement of muon-neutrino disappearance in NOvA}",
  author = {Adamson, P. and others},
  collaboration = {NOvA Collaboration},
  journal = {Phys. Rev. D},
  volume = {93},
  issue = {5},
  pages = {051104},
  numpages = {8},
  year = {2016},
  month = {Mar},
  publisher = {American Physical Society},
  doi = {10.1103/PhysRevD.93.051104},
  url = {https://link.aps.org/doi/10.1103/PhysRevD.93.051104}
}

@article{bib:RENO,
      author         = "Kim, Soo-Bong",
      title          = "{Measurement of neutrino mixing angle $\Theta_{13}$ and
                        mass difference $\Delta m^2_{ee}$ from reactor
                        antineutrino disappearance in the RENO experiment}",
      collaboration  = "RENO",
      journal        = "Nucl. Phys.",
      volume         = "B908",
      year           = "2016",
      pages          = "94-115",
      doi            = "10.1016/j.nuclphysb.2016.02.036",
      SLACcitation   = "%%CITATION = NUPHA,B908,94;%%"
}

@article{bib:DBChooz,
      author         = "Abe, Y. and others",
      title          = "{Improved measurements of the neutrino mixing angle
                        $\theta_{13}$ with the Double Chooz detector}",
      collaboration  = "Double Chooz",
      journal        = "JHEP",
      volume         = "10",
      year           = "2014",
      pages          = "086",
      doi            = "10.1007/JHEP02(2015)074, 10.1007/JHEP10(2014)086",
      note           = "[Erratum: JHEP02,074(2015)]",
      eprint         = "1406.7763",
      archivePrefix  = "arXiv",
      primaryClass   = "hep-ex",
      SLACcitation   = "%%CITATION = ARXIV:1406.7763;%%"
}

@article{bib:DYBosc,
  title = "{Measurement of electron antineutrino oscillation based on 1230 days of operation of the Daya Bay experiment}",
  author = {An, F. P. and others},
  collaboration = {Daya Bay Collaboration},
  journal = {Phys. Rev. D},
  volume = {95},
  issue = {7},
  pages = {072006},
  numpages = {46},
  year = {2017},
  month = {Apr},
  publisher = {American Physical Society},
  doi = {10.1103/PhysRevD.95.072006},
  url = {https://link.aps.org/doi/10.1103/PhysRevD.95.072006}
}

@article{bib:ANTARES,
      author         = "Adrian-Martinez, S. and others",
      title          = "{Measurement of Atmospheric Neutrino Oscillations with
                        the ANTARES Neutrino Telescope}",
      collaboration  = "ANTARES",
      journal        = "Phys. Lett.",
      volume         = "B714",
      year           = "2012",
      pages          = "224-230",
      doi            = "10.1016/j.physletb.2012.07.002",
      eprint         = "1206.0645",
      archivePrefix  = "arXiv",
      primaryClass   = "hep-ex",
      SLACcitation   = "%%CITATION = ARXIV:1206.0645;%%"
}

@article{bib:ICEosc,
  title = "{Determining neutrino oscillation parameters from atmospheric muon neutrino disappearance with three years of IceCube DeepCore data}",
  author = {Aartsen, M. G. and others},
  collaboration = {IceCube Collaboration},
  journal = {Phys. Rev. D},
  volume = {91},
  issue = {7},
  pages = {072004},
  numpages = {10},
  year = {2015},
  month = {Apr},
  publisher = {American Physical Society},
  doi = {10.1103/PhysRevD.91.072004},
  url = {https://link.aps.org/doi/10.1103/PhysRevD.91.072004}
}

@article{bib:Qian2019,
	doi = {10.1088/1361-6633/aae881},
	url = {https://doi.org/10.1088%2F1361-6633%2Faae881},
	year = 2019,
	month = {feb},
	publisher = {{IOP} Publishing},
	volume = {82},
	number = {3},
	pages = {036201},
	author = {Xin Qian and Jen-Chieh Peng},
	title = {Physics with reactor neutrinos},
	journal = {Reports on Progress in Physics},
}

@article{bib:Jocher,
      author         = "Jocher, Glenn R. and others",
      title          = "{Theoretical antineutrino detection, direction and
                        ranging at long distances}",
      journal        = "Phys. Rept.",
      volume         = "527",
      year           = "2013",
      pages          = "131-204",
      doi            = "10.1016/j.physrep.2013.01.005",
      eprint         = "1307.2832",
      archivePrefix  = "arXiv",
      primaryClass   = "physics.ins-det",
      SLACcitation   = "%%CITATION = ARXIV:1307.2832;%%"
}

@article{bib:ILL1982,
      author         = "Von Feilitzsch, F. and Hahn, A. A. and Schreckenbach, K.",
      title          = "{EXPERIMENTAL BETA SPECTRA FROM PU-239 AND U-235 THERMAL
                        NEUTRON FISSION PRODUCTS AND THEIR CORRELATED
                        ANTI-NEUTRINOS SPECTRA}",
      journal        = "Phys. Lett.",
      volume         = "118B",
      year           = "1982",
      pages          = "162-166",
      doi            = "10.1016/0370-2693(82)90622-0",
      SLACcitation   = "%%CITATION = PHLTA,118B,162;%%"
}

@article{bib:ILL1985,
      author         = "Schreckenbach, K. and Colvin, G. and Gelletly, W. and Von
                        Feilitzsch, F.",
      title          = "{DETERMINATION OF THE ANTI-NEUTRINO SPECTRUM FROM U-235
                        THERMAL NEUTRON FISSION PRODUCTS UP TO 9.5-MEV}",
      journal        = "Phys. Lett.",
      volume         = "160B",
      year           = "1985",
      pages          = "325-330",
      doi            = "10.1016/0370-2693(85)91337-1",
      SLACcitation   = "%%CITATION = PHLTA,160B,325;%%"
}

@article{bib:ILL1989,
      author         = "Hahn, A. A. and Schreckenbach, K. and Colvin, G. and
                        Krusche, B. and Gelletly, W. and Von Feilitzsch, F.",
      title          = "{Anti-neutrino Spectra From $^{241}$Pu and $^{239}$Pu
                        Thermal Neutron Fission Products}",
      journal        = "Phys. Lett.",
      volume         = "B218",
      year           = "1989",
      pages          = "365-368",
      doi            = "10.1016/0370-2693(89)91598-0",
      SLACcitation   = "%%CITATION = PHLTA,B218,365;%%"
}

@article{bib:reines1980,
      author         = "Reines, F. and Sobel, H. W. and Pasierb, E.",
      title          = "{Evidence for Neutrino Instability}",
      booktitle      = "{Durham NH Workshop 1980:149}",
      journal        = "Phys. Rev. Lett.",
      volume         = "45",
      year           = "1980",
      pages          = "1307",
      doi            = "10.1103/PhysRevLett.45.1307",
      reportNumber   = "Print-80-0314 (UC,IRVINE), UCI-10P19-144",
      SLACcitation   = "%%CITATION = PRLTA,45,1307;%%"
}

@article{bib:kwon1981,
      author         = "Kwon, H. and others",
      title          = "{Search for Neutrino Oscillations at a Fission Reactor}",
      journal        = "Phys. Rev.",
      volume         = "D24",
      year           = "1981",
      pages          = "1097-1111",
      doi            = "10.1103/PhysRevD.24.1097",
      SLACcitation   = "%%CITATION = PHRVA,D24,1097;%%"
}

@article{bib:gosgen,
  title = {Neutrino-oscillation experiments at the G\"osgen nuclear power reactor},
  author = {Zacek, G. and others},
  journal = {Phys. Rev. D},
  volume = {34},
  issue = {9},
  pages = {2621--2636},
  numpages = {0},
  year = {1986},
  month = {Nov},
  publisher = {American Physical Society},
  doi = {10.1103/PhysRevD.34.2621},
  url = {https://link.aps.org/doi/10.1103/PhysRevD.34.2621}
}

@article{bib:Afonin1987,
      author         = "Afonin, A. I. and others",
      title          = "{$\bar{\nu}_e$ Spectra at Two Distances From the Reactor
                        of the Rovno Nuclear Power Plant: Search for
                        Oscillations}",
      journal        = "JETP Lett.",
      volume         = "45",
      year           = "1987",
      pages          = "247-251",
      note           = "[Pisma Zh. Eksp. Teor. Fiz.45,201(1987)]",
      SLACcitation   = "%%CITATION = JTPLA,45,247;%%"
}

@article{bib:Vidyakin1994,
      author         = "Vidyakin, G. S. and others",
      title          = "{Limitations on the characteristics of neutrino
                        oscillations}",
      journal        = "JETP Lett.",
      volume         = "59",
      year           = "1994",
      pages          = "390-393",
      note           = "[Pisma Zh. Eksp. Teor. Fiz.59,364(1994)]",
      SLACcitation   = "%%CITATION = JTPLA,59,390;%%"
}

@article{bib:Bugey,
      author         = "Declais, Y. and others",
      title          = "{Search for neutrino oscillations at 15-meters,
                        40-meters, and 95-meters from a nuclear power reactor at
                        Bugey}",
      journal        = "Nucl. Phys.",
      volume         = "B434",
      year           = "1995",
      pages          = "503-534",
      doi            = "10.1016/0550-3213(94)00513-E",
      reportNumber   = "LAPP-EXP-94-19, ISN-94-111, CPPM-94-03, DAPNIA-SPP-94-32",
      SLACcitation   = "%%CITATION = NUPHA,B434,503;%%"
}

@article{bib:Greenwood1996,
      author         = "Greenwood, Z. D. and others",
      title          = "{Results of a two position reactor neutrino oscillation
                        experiment}",
      journal        = "Phys. Rev.",
      volume         = "D53",
      year           = "1996",
      pages          = "6054-6064",
      doi            = "10.1103/PhysRevD.53.6054",
      SLACcitation   = "%%CITATION = PHRVA,D53,6054;%%"
}

@article{bib:chooz98,
      author         = "Apollonio, M. and others",
      title          = "{Initial results from the CHOOZ long baseline reactor
                        neutrino oscillation experiment}",
      collaboration  = "CHOOZ",
      journal        = "Phys. Lett.",
      volume         = "B420",
      year           = "1998",
      pages          = "397-404",
      doi            = "10.1016/S0370-2693(97)01476-7",
      eprint         = "hep-ex/9711002",
      archivePrefix  = "arXiv",
      primaryClass   = "hep-ex",
      SLACcitation   = "%%CITATION = HEP-EX/9711002;%%"
}

@article{bib:Chooz99,
      author         = "Apollonio, M. and others",
      title          = "{Limits on neutrino oscillations from the CHOOZ
                        experiment}",
      collaboration  = "CHOOZ",
      journal        = "Phys. Lett.",
      volume         = "B466",
      year           = "1999",
      pages          = "415-430",
      doi            = "10.1016/S0370-2693(99)01072-2",
      eprint         = "hep-ex/9907037",
      archivePrefix  = "arXiv",
      primaryClass   = "hep-ex",
      SLACcitation   = "%%CITATION = HEP-EX/9907037;%%"
}

@article{bib:chooz03,
      author         = "Apollonio, M. and others",
      title          = "{Search for neutrino oscillations on a long baseline at
                        the CHOOZ nuclear power station}",
      collaboration  = "CHOOZ",
      journal        = "Eur. Phys. J.",
      volume         = "C27",
      year           = "2003",
      pages          = "331-374",
      doi            = "10.1140/epjc/s2002-01127-9",
      eprint         = "hep-ex/0301017",
      archivePrefix  = "arXiv",
      primaryClass   = "hep-ex",
      SLACcitation   = "%%CITATION = HEP-EX/0301017;%%"
}

@article{bib:palo2000,
      author         = "Boehm, F. and others",
      title          = "{Results from the Palo Verde neutrino oscillation
                        experiment}",
      journal        = "Phys. Rev.",
      volume         = "D62",
      year           = "2000",
      pages          = "072002",
      doi            = "10.1103/PhysRevD.62.072002",
      eprint         = "hep-ex/0003022",
      archivePrefix  = "arXiv",
      primaryClass   = "hep-ex",
      reportNumber   = "STANFORD-HEP-00-03",
      SLACcitation   = "%%CITATION = HEP-EX/0003022;%%"
}

@article{bib:palo1999,
      author         = "Boehm, F. and others",
      title          = "{Search for neutrino oscillations at the Palo Verde
                        nuclear reactors}",
      journal        = "Phys. Rev. Lett.",
      volume         = "84",
      year           = "2000",
      pages          = "3764-3767",
      doi            = "10.1103/PhysRevLett.84.3764",
      eprint         = "hep-ex/9912050",
      archivePrefix  = "arXiv",
      primaryClass   = "hep-ex",
      reportNumber   = "STANFORD-HEP-99-06",
      SLACcitation   = "%%CITATION = HEP-EX/9912050;%%"
}

@article{bib:palo01,
      author         = "Boehm, F. and others",
      title          = "{Final results from the Palo Verde neutrino oscillation
                        experiment}",
      journal        = "Phys. Rev.",
      volume         = "D64",
      year           = "2001",
      pages          = "112001",
      doi            = "10.1103/PhysRevD.64.112001",
      eprint         = "hep-ex/0107009",
      archivePrefix  = "arXiv",
      primaryClass   = "hep-ex",
      SLACcitation   = "%%CITATION = HEP-EX/0107009;%%"
}

@article{bib:kamland04,
      author         = "Araki, T. and others",
      title          = "{Measurement of neutrino oscillation with KamLAND:
                        Evidence of spectral distortion}",
      collaboration  = "KamLAND",
      journal        = "Phys. Rev. Lett.",
      volume         = "94",
      year           = "2005",
      pages          = "081801",
      doi            = "10.1103/PhysRevLett.94.081801",
      eprint         = "hep-ex/0406035",
      archivePrefix  = "arXiv",
      primaryClass   = "hep-ex",
      SLACcitation   = "%%CITATION = HEP-EX/0406035;%%"
}

@article{bib:vogel,
      author         = "Vogel, P. and Schenter, G. K. and Mann, F. M. and
                        Schenter, R. E.",
      title          = "{Reactor Anti-neutrino Spectra and Their Application to
                        Anti-neutrino Induced Reactions. 2.}",
      journal        = "Phys. Rev.",
      volume         = "C24",
      year           = "1981",
      pages          = "1543-1553",
      doi            = "10.1103/PhysRevC.24.1543",
      reportNumber   = "CALT-63-359, HEDL-SA-2303",
      SLACcitation   = "%%CITATION = PHRVA,C24,1543;%%"
}

@article{bib:huber,
      author         = "Huber, Patrick",
      title          = "{On the determination of anti-neutrino spectra from
                        nuclear reactors}",
      journal        = "Phys. Rev.",
      volume         = "C84",
      year           = "2011",
      pages          = "024617",
      doi            = "10.1103/PhysRevC.85.029901, 10.1103/PhysRevC.84.024617",
      note           = "[Erratum: Phys. Rev.C85,029901(2012)]",
      eprint         = "1106.0687",
      archivePrefix  = "arXiv",
      primaryClass   = "hep-ph",
      SLACcitation   = "%%CITATION = ARXIV:1106.0687;%%"
}

@article{bib:hayes,
      author         = "Hayes, A. C. and Friar, J. L. and Garvey, G. T. and
                        Jungman, Gerard and Jonkmans, Guy",
      title          = "{Systematic Uncertainties in the Analysis of the Reactor
                        Neutrino Anomaly}",
      journal        = "Phys. Rev. Lett.",
      volume         = "112",
      year           = "2014",
      pages          = "202501",
      doi            = "10.1103/PhysRevLett.112.202501",
      eprint         = "1309.4146",
      archivePrefix  = "arXiv",
      primaryClass   = "nucl-th",
      reportNumber   = "LA-UR-13-27154",
      SLACcitation   = "%%CITATION = ARXIV:1309.4146;%%"
}

@article{bib:mueller,
      author         = "Mueller, Th. A. and others",
      title          = "{Improved Predictions of Reactor Antineutrino Spectra}",
      journal        = "Phys. Rev.",
      volume         = "C83",
      year           = "2011",
      pages          = "054615",
      doi            = "10.1103/PhysRevC.83.054615",
      eprint         = "1101.2663",
      archivePrefix  = "arXiv",
      primaryClass   = "hep-ex",
      reportNumber   = "IRFU-10-280",
      SLACcitation   = "%%CITATION = ARXIV:1101.2663;%%"
}

@article{bib:DYB2015,
      author         = "An, Feng Peng and others",
      title          = "{Measurement of the Reactor Antineutrino Flux and
                        Spectrum at Daya Bay}",
      collaboration  = "Daya Bay",
      journal        = "Phys. Rev. Lett.",
      volume         = "116",
      year           = "2016",
      number         = "6",
      pages          = "061801",
      doi            = "10.1103/PhysRevLett.116.061801,
                        10.1103/PhysRevLett.118.099902",
      note           = "[Erratum: Phys. Rev. Lett.118,no.9,099902(2017)]",
      eprint         = "1508.04233",
      archivePrefix  = "arXiv",
      primaryClass   = "hep-ex",
      SLACcitation   = "%%CITATION = ARXIV:1508.04233;%%"
}

@article{bib:RAA,
      author         = "Mention, G. and Fechner, M. and Lasserre, Th. and
                        Mueller, Th. A. and Lhuillier, D. and Cribier, M. and
                        Letourneau, A.",
      title          = "{The Reactor Antineutrino Anomaly}",
      journal        = "Phys. Rev.",
      volume         = "D83",
      year           = "2011",
      pages          = "073006",
      doi            = "10.1103/PhysRevD.83.073006",
      eprint         = "1101.2755",
      archivePrefix  = "arXiv",
      primaryClass   = "hep-ex",
      SLACcitation   = "%%CITATION = ARXIV:1101.2755;%%"
}

@article{bib:RENOevolution,
      author         = "Bak, G. and others",
      title          = "{Fuel-composition dependent reactor antineutrino yield at
                        RENO}",
      collaboration  = "RENO",
      journal        = "Phys. Rev. Lett.",
      volume         = "122",
      year           = "2019",
      pages          = "232501",
      doi            = "10.1103/PhysRevLett.122.232501",
      eprint         = "1806.00574",
      archivePrefix  = "arXiv",
      primaryClass   = "hep-ex",
      SLACcitation   = "%%CITATION = ARXIV:1806.00574;%%"
}

@article{bib:dwyer,
      author         = "Dwyer, D. A. and Langford, T. J.",
      title          = "{Spectral Structure of Electron Antineutrinos from
                        Nuclear Reactors}",
      journal        = "Phys. Rev. Lett.",
      volume         = "114",
      year           = "2015",
      number         = "1",
      pages          = "012502",
      doi            = "10.1103/PhysRevLett.114.012502",
      eprint         = "1407.1281",
      archivePrefix  = "arXiv",
      primaryClass   = "nucl-ex",
      SLACcitation   = "%%CITATION = ARXIV:1407.1281;%%"
}

@article{bib:giunti2019,
      author         = "Giunti, C. and Li, Y. F. and Littlejohn, B. R. and
                        Surukuchi, P. T.",
      title          = "{Diagnosing the Reactor Antineutrino Anomaly with Global
                        Antineutrino Flux Data}",
      journal        = "Phys. Rev.",
      volume         = "D99",
      year           = "2019",
      number         = "7",
      pages          = "073005",
      doi            = "10.1103/PhysRevD.99.073005",
      eprint         = "1901.01807",
      archivePrefix  = "arXiv",
      primaryClass   = "hep-ph",
      SLACcitation   = "%%CITATION = ARXIV:1901.01807;%%"
}

@article{bib:prospect_nim,
title = "{The PROSPECT Reactor Antineutrino Experiment}",
journal = "Nuclear Instruments and Methods in Physics Research Section A: Accelerators, Spectrometers, Detectors and Associated Equipment",
author = {J. Ashenfelter and others},
collaboration = {PROSPECT},
volume = "922",
pages = "287 - 309",
year = "2019",
issn = "0168-9002",
doi = "https://doi.org/10.1016/j.nima.2018.12.079",
url = "http://www.sciencedirect.com/science/article/pii/S0168900218318953",
keywords = "Neutrino oscillation, Neutrino mixing, Reactor, PROSPECT",
abstract = "The Precision Reactor Oscillation and Spectrum Experiment, PROSPECT, is designed to make both a precise measurement of the antineutrino spectrum from a highly-enriched uranium reactor and to probe eV-scale sterile neutrinos by searching for neutrino oscillations over meter-long baselines. PROSPECT utilizes a segmented6Li-doped liquid scintillator detector for both efficient detection of reactor antineutrinos through the inverse beta decay reaction and excellent background discrimination. PROSPECT is a movable 4-ton antineutrino detector covering distances of 7m to 13m from the High Flux Isotope Reactor core. It will probe the best-fit point of the ν̄e disappearance experiments at 4σ in 1 year and the favored regions of the sterile neutrino parameter space at more than 3σ in 3 years. PROSPECT will test the origin of spectral deviations observed in recent θ13 experiments, search for sterile neutrinos, and address the hypothesis of sterile neutrinos as an explanation of the reactor anomaly. This paper describes the design, construction, and commissioning of PROSPECT and reports first data characterizing the performance of the PROSPECT antineutrino detector."
}

@article{bib:prospect_physics,
author = {J. Ashenfelter and others},
collaboration = {PROSPECT},
title = "{PROSPECT Physics Program}",
journal = {J. Phys. G},
volume = {43},
pages = "113001",
year = {2016}
}

@article{bib:prospect_background,
      author         = "Ashenfelter, J. and others",
      title          = "{Background Radiation Measurements at High Power Research
                        Reactors}",
      collaboration  = "PROSPECT",
      journal        = "Nucl. Instrum. Meth.",
      volume         = "A806",
      year           = "2016",
      pages          = "401-419",
      doi            = "10.1016/j.nima.2015.10.023",
      eprint         = "1506.03547",
      archivePrefix  = "arXiv",
      primaryClass   = "physics.ins-det",
      SLACcitation   = "%%CITATION = ARXIV:1506.03547;%%"
}

@article{bib:lspaper,
      author         = "Ashenfelter, J. and others",
      title          = "{Lithium-loaded Liquid Scintillator Production for the
                        PROSPECT experiment}",
      collaboration  = "PROSPECT",
      journal        = "JINST",
      volume         = "14",
      year           = "2019",
      number         = "03",
      pages          = "P03026",
      doi            = "10.1088/1748-0221/14/03/P03026",
      eprint         = "1901.05569",
      archivePrefix  = "arXiv",
      primaryClass   = "physics.ins-det",
      SLACcitation   = "%%CITATION = ARXIV:1901.05569;%%"
}

@article{bib:prospect_og,
      author         = "Ashenfelter, J. and others",
      title          = "{A Low Mass Optical Grid for the PROSPECT Reactor
                        Antineutrino Detector}",
      collaboration  = "PROSPECT",
      journal        = "JINST",
      volume         = "14",
      year           = "2019",
      number         = "04",
      pages          = "P04014",
      doi            = "10.1088/1748-0221/14/04/P04014",
      eprint         = "1902.06430",
      archivePrefix  = "arXiv",
      primaryClass   = "physics.ins-det",
      SLACcitation   = "%%CITATION = ARXIV:1902.06430;%%"
}

@article{bib:prospect_50,
  author={J. Ashenfelter and others},
  title="{Performance of a segmented 6 Li-loaded liquid scintillator detector for the PROSPECT experiment}",
  collaboration = {PROSPECT},
  journal={Journal of Instrumentation},
  volume={13},
  number={06},
  pages={P06023},
  year={2018},
}

@article{bib:P20,
author="J. Ashenfelter and others",
title="{Light collection and pulse-shape discrimination in elongated scintillator cells for the PROSPECT reactor antineutrino experiment}",
  journal={Journal of Instrumentation},
  volume={10},
  number={11},
  pages={P11004},
  url={http://stacks.iop.org/1748-0221/10/i=11/a=P11004},
  year={2015},
  abstract={A meter-long, 23-liter EJ-309 liquid scintillator detector has been constructed to study the light collection and pulse-shape discrimination performance of elongated scintillator cells for the PROSPECT reactor antineutrino experiment. The magnitude and uniformity of light collection and neutron-gamma discrimination power in the energy range of antineutrino inverse beta decay products have been studied using gamma and spontaneous fission calibration sources deployed along the cell axis. We also study neutron-gamma discrimination and light collection abilities for differing PMT and reflector configurations. Key design features for optimizing MeV-scale response and background rejection capabilities are identified.}
}